% general voting in multi agent systems
@article{pitt2006voting,
  title={Voting in multi-agent systems},
  author={Pitt, Jeremy and Kamara, Lloyd and Sergot, Marek and Artikis, Alexander},
  journal={The Computer Journal},
  volume={49},
  number={2},
  pages={156--170},
  year={2006},
  publisher={Oxford University Press}
}

% Arrow's Impossibility Theorem
@book{arrow2012social,
  title={Social choice and individual values},
  author={Arrow, Kenneth J},
  volume={12},
  year={2012},
  publisher={Yale university press}
}